<record xmlns="http://www.loc.gov/MARC21/slim" xmlns:xsi="http://www.w3.org/2001/XMLSchema-instance" xsi:schemaLocation="http://www.loc.gov/MARC21/slim http://www.loc.gov/standards/marcxml/schema/MARC21slim.xsd">

  <leader>00373nam a2200121Ia 4500</leader>
  <datafield tag="999" ind2=" " ind1=" ">
    <subfield code="c">1655</subfield>
    <subfield code="d">1655</subfield>
  </datafield>
  <controlfield tag="008">180320b1994    cr ||||| |||| 00| | spa d</controlfield>
  <datafield tag="090" ind2=" " ind1=" ">
    <subfield code="a">06.02.04 </subfield>
    <subfield code="b">969</subfield>
  </datafield>
  <datafield ind2=" " tag="110" ind1="1">
    <subfield code="a">Costa Rica. Ministerio de Educación Pública</subfield>
    <subfield code="9">545</subfield>
  </datafield>
  <datafield ind1="1" ind2="0" tag="245">
    <subfield code="a">Política educativa hacia el siglo XXI</subfield>
  </datafield>
  <datafield ind1=" " ind2=" " tag="260">
    <subfield code="a">San José, Costa Rica : </subfield>
    <subfield code="b">El Ministerio, </subfield>
    <subfield code="c">1994</subfield>
  </datafield>
  <datafield tag="300" ind2=" " ind1=" ">
    <subfield code="a">46 páginas</subfield>
  </datafield>
  <datafield ind1="1" ind2="4" tag="650">
    <subfield code="a">POLÍTICA EDUCATIVA</subfield>
    <subfield code="9">451</subfield>
  </datafield>
  <datafield ind1="1" ind2="4" tag="650">
    <subfield code="a">DESARROLLO DE LA EDUCACIÓN</subfield>
    <subfield code="9">24</subfield>
  </datafield>
  <datafield ind1=" " tag="942" ind2=" ">
    <subfield code="2">z</subfield>
    <subfield code="c">01</subfield>
  </datafield>
</record>